@book{lafore,
  title={{\bfseries Estruturas de dados \& Algoritmos em Java}},
  author={Lafore, Robert and Machado, Eveline Vieira},
  year={2004},
  publisher={Ci{\^e}ncia Moderna}
}
@misc{diagramaMVC,
  Author = {DevMedia},
  Date-Modified = {},
  Day = {},
  Howpublished = {Disponível em: {https://www.devmedia.com.br/guia/asp-net-mvc/38190}},
  Keywords = {},
  Month = {},
  Note = {Acesso em 04 de Setembro de 2019},
  Title = {{\bfseries Guia de ASP.NET MVC}},
  Url = {{https://www.devmedia.com.br/guia/asp-net-mvc/38190}},
  Urlacessdate = {04 set. 2019},
  Year = {}
  }
@misc{algoritmoDijkstra,
  Author = {Departamento de Informática e Estatística da UFSC},
  Date-Modified = {},
  Day = {},
  Howpublished = {Disponível em: {http://www.inf.ufsc.br/grafos/temas/custo-minimo/dijkstra.html}},
  Keywords = {},
  Month = {},
  Note = {Acesso em 14 de Setembro de 2019},
  Title = {{\bfseries Algoritmo de Dijkstra para cálculo do Caminho de Custo Mínimo}},
  Url = {{http://www.inf.ufsc.br/grafos/temas/custo-minimo/dijkstra.html}},
  Urlacessdate = {14 set. 2019},
  Year = {}
  }